<record xmlns="http://www.loc.gov/MARC21/slim">
   <leader>04162nam a2200589 a 4500</leader>
   <controlfield tag="001">6741089</controlfield>
   <controlfield tag="003">DcWaAPA</controlfield>
   <controlfield tag="005">20141010084508.0</controlfield>
   <controlfield tag="006">m     o  d        </controlfield>
   <controlfield tag="007">cr</controlfield>
   <controlfield tag="008">141010s2015    dcu     obf   001 0 eng d</controlfield>
   <datafield ind1=" " ind2=" " tag="020">
      <subfield code="z">9781433817533 (print ed.)</subfield>
   </datafield>
   <datafield ind1=" " ind2=" " tag="020">
      <subfield code="z">1433817535 (print ed.)</subfield>
   </datafield>
   <datafield ind1=" " ind2=" " tag="020">
      <subfield code="z">143381756X (print ed.)</subfield>
   </datafield>
   <datafield ind1=" " ind2=" " tag="020">
      <subfield code="z">9781433817564 (print ed.)</subfield>
   </datafield>
   <datafield ind1=" " ind2=" " tag="035">
      <subfield code="a">ocn892733626</subfield>
   </datafield>
   <datafield ind1=" " ind2=" " tag="039">
      <subfield code="a">exclude</subfield>
   </datafield>
   <datafield ind1=" " ind2=" " tag="040">
      <subfield code="a">DcWaAPA</subfield>
      <subfield code="d">AEU</subfield>
   </datafield>
   <datafield ind1=" " ind2="4" tag="050">
      <subfield code="a">HF5381</subfield>
      <subfield code="b">.A794 2015</subfield>
   </datafield>
   <datafield ind1="0" ind2="4" tag="082">
      <subfield code="a">658.3/85</subfield>
      <subfield code="2">23</subfield>
   </datafield>
   <datafield ind1=" " ind2=" " tag="090">
      <subfield code="a">Internet Access</subfield>
      <subfield code="b">AEU</subfield>
   </datafield>
   <datafield ind1=" " ind2=" " tag="090">
      <subfield code="a">Internet Access</subfield>
      <subfield code="b">AEC</subfield>
   </datafield>
   <datafield ind1=" " ind2=" " tag="090">
      <subfield code="a">Internet Access</subfield>
      <subfield code="b">AEGMCT</subfield>
   </datafield>
   <datafield ind1="0" ind2="0" tag="245">
      <subfield code="a">APA handbook of career intervention.</subfield>
      <subfield code="n">Volume 2,</subfield>
      <subfield code="p">Applications</subfield>
      <subfield code="h">[electronic resource] /</subfield>
      <subfield code="c">Paul J. Hartung, Mark L. Savickas, and W. Bruce Walsh, editors-in-chief.</subfield>
   </datafield>
   <datafield ind1="3" ind2="0" tag="246">
      <subfield code="a">Handbook of career intervention</subfield>
   </datafield>
   <datafield ind1=" " ind2=" " tag="260">
      <subfield code="a">Washington, D.C. :</subfield>
      <subfield code="b">American Psychological Association,</subfield>
      <subfield code="c">2015.</subfield>
   </datafield>
   <datafield ind1=" " ind2=" " tag="300">
      <subfield code="a">1 online resource (ix, 565 p.)</subfield>
   </datafield>
   <datafield ind1="1" ind2=" " tag="490">
      <subfield code="a">APA handbooks in psychology</subfield>
   </datafield>
   <datafield ind1=" " ind2=" " tag="504">
      <subfield code="a">Includes bibliographical references and index.</subfield>
   </datafield>
   <datafield ind1="0" ind2=" " tag="505">
      <subfield code="a">pt. 1. Guiding -- pt. 2. Developing -- pt. 3. Designing -- pt. 4. Placing -- pt. 5. Coaching -- pt. 6. Transitioning.</subfield>
   </datafield>
   <datafield ind1=" " ind2=" " tag="520">
      <subfield code="a">"The APA Handbook of Career Intervention presents information about the historical, contemporary, theoretical, demographic, assessment-based, and professional foundations of career intervention (Volume 1), as well as specific career intervention models, methods, and materials within each of these career services and applied to easing career transitions (Volume 2). In whole or in part, the handbook aims to be useful to researchers, practitioners, educators, consultants, policymakers, and students alike across a full array of professions, including psychology, counseling, education, and business and industry. Chapter authors are recognized experts in fields ranging from vocational psychology, career development, and industrial and organizational psychology to rehabilitation counseling and higher education. Their collective works examine career intervention within core career theory and practice traditions (i.e., person-environment [P-E] fit, life span development, social cognition and learning, and life-career design) and across the full range of career services (i.e., guidance, education, life design, placement, and coaching) that professionals provide in educational, private practice, community-based, rehabilitation, and other settings"--Introduction. (PsycINFO Database Record (c) 2014 APA, all rights reserved).</subfield>
   </datafield>
   <datafield ind1=" " ind2=" " tag="533">
      <subfield code="a">Electronic reproduction.</subfield>
      <subfield code="b">Washington, D.C. :</subfield>
      <subfield code="c">American Psychological Association,</subfield>
      <subfield code="d">2014.</subfield>
      <subfield code="n">Available via World Wide Web.</subfield>
      <subfield code="n">Access limited by licensing agreement.</subfield>
      <subfield code="7">s2014    dcunns</subfield>
   </datafield>
   <datafield ind1=" " ind2=" " tag="596">
      <subfield code="a">21 44 57</subfield>
   </datafield>
   <datafield ind1=" " ind2="0" tag="650">
      <subfield code="a">Vocational guidance</subfield>
      <subfield code="x">Psychological aspects</subfield>
      <subfield code="v">Handbooks, manuals, etc.</subfield>
   </datafield>
   <datafield ind1=" " ind2="0" tag="650">
      <subfield code="a">Career development</subfield>
      <subfield code="x">Psychological aspects</subfield>
      <subfield code="v">Handbooks, manuals, etc.</subfield>
   </datafield>
   <datafield ind1=" " ind2="0" tag="650">
      <subfield code="a">Counseling</subfield>
      <subfield code="v">Handbooks, manuals, etc.</subfield>
   </datafield>
   <datafield ind1=" " ind2="2" tag="650">
      <subfield code="a">Vocational Guidance</subfield>
      <subfield code="x">psychology.</subfield>
   </datafield>
   <datafield ind1=" " ind2="2" tag="650">
      <subfield code="a">Counseling.</subfield>
   </datafield>
   <datafield ind1=" " ind2="2" tag="650">
      <subfield code="a">Handbooks.</subfield>
   </datafield>
   <datafield ind1="1" ind2=" " tag="700">
      <subfield code="a">Hartung, Paul J.</subfield>
   </datafield>
   <datafield ind1="1" ind2=" " tag="700">
      <subfield code="a">Savickas, Mark,</subfield>
      <subfield code="d">1947-</subfield>
   </datafield>
   <datafield ind1="1" ind2=" " tag="700">
      <subfield code="a">Walsh, W. Bruce,</subfield>
      <subfield code="d">1936-</subfield>
   </datafield>
   <datafield ind1=" " ind2="0" tag="830">
      <subfield code="a">APA handbooks in psychology.</subfield>
   </datafield>
   <datafield ind1="4" ind2="0" tag="856">
      <subfield code="3">University of Alberta Access</subfield>
      <subfield code="u">http://ovidsp.ovid.com/ovidweb.cgi?T=JS&amp;NEWS=N&amp;PAGE=toc&amp;SEARCH=2014-08458.dd&amp;LINKTYPE=asBody&amp;D=psbk</subfield>
   </datafield>
   <datafield ind1="4" ind2="0" tag="856">
      <subfield code="3">MacEwan University Access</subfield>
      <subfield code="u">http://search.ebscohost.com/direct.asp?db=pzh&amp;jid=%22201408458%22&amp;scope=site</subfield>
   </datafield>
   <datafield ind1="4" ind2="0" tag="856">
      <subfield code="3">Concordia University of Edmonton Access</subfield>
      <subfield code="u">http://search.ebscohost.com/login.aspx?direct=true&amp;db=pzh&amp;jid=201408458&amp;site=ehost-live</subfield>
   </datafield>
   <datafield ind1=" " ind2=" " tag="949">
      <subfield code="h">UAIN</subfield>
      <subfield code="z">PSYCBOOKS</subfield>
   </datafield>
   <datafield ind1=" " ind2=" " tag="949">
      <subfield code="h">UAIN</subfield>
      <subfield code="m">CONCORDIA</subfield>
      <subfield code="z">PSYCBKSCON</subfield>
   </datafield>
   <datafield ind1=" " ind2=" " tag="949">
      <subfield code="h">UAIN</subfield>
      <subfield code="m">GR_MAC_INT</subfield>
      <subfield code="z">PSYCBKSGM</subfield>
   </datafield>
   <datafield ind1=" " ind2=" " tag="926">
      <subfield code="a">Internet Access</subfield>
      <subfield code="w">LC</subfield>
      <subfield code="c">1</subfield>
      <subfield code="i">6741089-1001</subfield>
      <subfield code="l">INTERNET</subfield>
      <subfield code="m">UAINTERNET</subfield>
      <subfield code="r">Y</subfield>
      <subfield code="s">Y</subfield>
      <subfield code="t">E-RESOURCE</subfield>
      <subfield code="u">11/21/2014</subfield>
      <subfield code="x">E-BOOK</subfield>
      <subfield code="z">PSYCBOOKS</subfield>
   </datafield>
   <datafield ind1=" " ind2=" " tag="926">
      <subfield code="a">Internet Access</subfield>
      <subfield code="w">LC</subfield>
      <subfield code="c">1</subfield>
      <subfield code="i">6741089-2001</subfield>
      <subfield code="l">INTERNET</subfield>
      <subfield code="m">CONCORDIA</subfield>
      <subfield code="r">Y</subfield>
      <subfield code="s">Y</subfield>
      <subfield code="t">E-RESOURCE</subfield>
      <subfield code="u">11/21/2014</subfield>
      <subfield code="x">E-BOOK</subfield>
      <subfield code="z">PSYCBKSCON</subfield>
   </datafield>
   <datafield ind1=" " ind2=" " tag="926">
      <subfield code="a">Internet Access</subfield>
      <subfield code="w">LC</subfield>
      <subfield code="c">1</subfield>
      <subfield code="i">6741089-3001</subfield>
      <subfield code="l">INTERNET</subfield>
      <subfield code="m">GR_MAC_INT</subfield>
      <subfield code="r">Y</subfield>
      <subfield code="s">Y</subfield>
      <subfield code="t">E-RESOURCE</subfield>
      <subfield code="u">11/21/2014</subfield>
      <subfield code="x">E-BOOK</subfield>
      <subfield code="z">PSYCBKSGM</subfield>
   </datafield>
</record>
